@misc{kafkaDoc,
    title     = {Apache Kafka Documentation},
    howpublished       = {\url{https://kafka.apache.org/documentation/}},
    year = {2021}
}

@inproceedings{nagele2019bwnetflow,
  title={bwNetFlow: A Customizable Multi-Tenant Flow Processing Platform for Transit Providers},
  author={N{\"a}gele, Daniel and Hauser, Christopher B and Bradatsch, Leonard and Wesner, Stefan},
  booktitle={2019 IEEE/ACM Innovating the Network for Data-Intensive Science (INDIS)},
  pages={9--16},
  year={2019},
  organization={IEEE}
}

@misc{belwue,
    title     = {BelWü - Landeshochschulnetz Baden-Württemberg},
    howpublished       =  {\url{https://www.belwue.de/}},
    year = "2021"
}


@misc{version9flow,
  title={Flow\-Record Format},
  author={Cisco Systems, Inc},
  howpublished={\url{http://www. cisco. com/en/US/technologies/tk648/tk362/technologies\_white\_ paper09186a00800a3db9\_ps6601\_Products\_White\_ Paper. html}},
  year={2009}
}


@misc{netflowconfig,
  title={NetFlow Configuration Guide, Cisco IOS Release 15M\&T},
  author={Cisco Systems, Inc},
  howpublished={\url{https://www.cisco.com/c/en/us/td/docs/ios-xml/ios/netflow/configuration/15-mt/nf-15-mt-book.pdf}},
  year={2016}
}

@article{li2013survey,
  title={A survey of network flow applications},
  author={Li, Bingdong and Springer, Jeff and Bebis, George and Gunes, Mehmet Hadi},
  journal={Journal of Network and Computer Applications},
  volume={36},
  number={2},
  pages={567--581},
  year={2013},
  publisher={Elsevier}
}

@inproceedings{kreps2011kafka,
  title={Kafka: A distributed messaging system for log processing},
  author={Kreps, Jay and Narkhede, Neha and Rao, Jun and others},
  booktitle={Proceedings of the NetDB},
  volume={11},
  pages={1--7},
  year={2011}
}

@article{claise2013specification,
  title={Specification of the IP flow information export (IPFIX) protocol for the exchange of flow information},
  author={Claise, Benoit and Trammell, Brian and Aitken, Paul},
  journal={RFC 7011 (Internet Standard), Internet Engineering Task Force},
  pages={2070--1721},
  year={2013}
}

@misc{phaal2001rfc3176,
  title={RFC3176: InMon Corporation's sFlow: A Method for Monitoring Traffic in Switched and Routed Networks},
  author={Phaal, Peter and Panchen, Sonia and McKee, Neil},
  year={2001},
  publisher={RFC Editor}
}

@inproceedings{pfaff2015design,
  title={The design and implementation of open vswitch},
  author={Pfaff, Ben and Pettit, Justin and Koponen, Teemu and Jackson, Ethan and Zhou, Andy and Rajahalme, Jarno and Gross, Jesse and Wang, Alex and Stringer, Joe and Shelar, Pravin and others},
  booktitle={12th $\{$USENIX$\}$ Symposium on Networked Systems Design and Implementation ($\{$NSDI$\}$ 15)},
  pages={117--130},
  year={2015}
}

@misc{manpcap,
  title={Man page of PCAP},
  howpublished={\url{https://www.tcpdump.org/manpages/pcap.3pcap.html}},
  year={2020}
}

@inproceedings{lopez2016performance,
  title={A performance comparison of open-source stream processing platforms},
  author={Lopez, Martin Andreoni and Lobato, Antonio Gonzalez Pastana and Duarte, Otto Carlos MB},
  booktitle={2016 IEEE Global Communications Conference (GLOBECOM)},
  pages={1--6},
  year={2016},
  organization={IEEE}
}

@article{isah2019survey,
  title={A survey of distributed data stream processing frameworks},
  author={Isah, Haruna and Abughofa, Tariq and Mahfuz, Sazia and Ajerla, Dharmitha and Zulkernine, Farhana and Khan, Shahzad},
  journal={IEEE Access},
  volume={7},
  pages={154300--154316},
  year={2019},
  publisher={IEEE}
}

@misc{kafkastreams,
  title={Kafka Streams Documentation},
  howpublished={\url{https://kafka.apache.org/documentation/streams/}},
  year={2020}
}

@misc{bwcloud,
  title={bwCloud},
  howpublished={\url{https://www.bw-cloud.org/}},
  year={2020}
}

@inproceedings{rosado2014overview,
  title={An overview of openstack architecture},
  author={Rosado, Tiago and Bernardino, Jorge},
  booktitle={Proceedings of the 18th International Database Engineering \& Applications Symposium},
  pages={366--367},
  year={2014}
}

@inproceedings{gill2011understanding,
  title={Understanding network failures in data centers: measurement, analysis, and implications},
  author={Gill, Phillipa and Jain, Navendu and Nagappan, Nachiappan},
  booktitle={Proceedings of the ACM SIGCOMM 2011 Conference},
  pages={350--361},
  year={2011}
}

@article{ford2013rfc,
  title={RFC 6824: TCP extensions for multipath operation with multiple addresses},
  author={Ford, Alan and Raiciu, Costin and Handley, Mark and Bonaventure, Olivier and Paasch, C},
  journal={Internet Engineering Task Force},
  year={2013}
}

@article{lee2014network,
  title={Network monitoring: Present and future},
  author={Lee, Sihyung and Levanti, Kyriaki and Kim, Hyong S},
  journal={Computer Networks},
  volume={65},
  pages={84--98},
  year={2014},
  publisher={Elsevier}
}

@inproceedings{raiciu2010data,
  title={Data center networking with multipath TCP},
  author={Raiciu, Costin and Pluntke, Christopher and Barre, Sebastien and Greenhalgh, Adam and Wischik, Damon and Handley, Mark},
  booktitle={Proceedings of the 9th ACM SIGCOMM Workshop on Hot Topics in Networks},
  pages={1--6},
  year={2010}
}

@inproceedings{van2012multipathing,
  title={Multipathing with MPTCP and OpenFlow},
  author={Van Der Pol, Ronald and Boele, Sander and Dijkstra, Freek and Barczyk, Artur and van Malenstein, Gerben and Chen, Jim Hao and Mambretti, Joe},
  booktitle={2012 SC Companion: High Performance Computing, Networking Storage and Analysis},
  pages={1617--1624},
  year={2012},
  organization={IEEE}
}
